{
  "leader": "03830cam a2200493 a 4500",
  "fields": [
    {
      "001": "ocm42041423\\"
    },
    {
      "003": "OCoLC"
    },
    {
      "005": "20220707113514.0"
    },
    {
      "008": "990811s1999\\\\\\\\gw\\\\\\\\\\\\\\b\\\\\\\\100\\0\\engsd"
    },
    {
      "010": {
        "ind1": "\\",
        "ind2": "\\",
        "subfields": [
          {
            "a": "   99514432 "
          }
        ]
      }
    },
    {
      "040": {
        "ind1": "\\",
        "ind2": "\\",
        "subfields": [
          {
            "a": "OHX"
          },
          {
            "b": "eng"
          },
          {
            "c": "DLC"
          },
          {
            "d": "OHX"
          },
          {
            "d": "EXW"
          },
          {
            "d": "UAF"
          },
          {
            "d": "PL#"
          },
          {
            "d": "OCLCQ"
          },
          {
            "d": "UKM"
          },
          {
            "d": "BAKER"
          },
          {
            "d": "BTCTA"
          },
          {
            "d": "YDXCP"
          },
          {
            "d": "MBB"
          },
          {
            "d": "HEBIS"
          },
          {
            "d": "OCLCF"
          },
          {
            "d": "OCLCQ"
          },
          {
            "d": "OCLCO"
          },
          {
            "d": "OCL"
          },
          {
            "d": "GILDS"
          },
          {
            "d": "GTA"
          },
          {
            "d": "EXG"
          },
          {
            "d": "OCLCO"
          },
          {
            "d": "CUT"
          },
          {
            "d": "OCLCO"
          }
        ]
      }
    },
    {
      "015": {
        "ind1": "\\",
        "ind2": "\\",
        "subfields": [
          {
            "a": "GBA169185"
          },
          {
            "2": "bnb"
          }
        ]
      }
    },
    {
      "016": {
        "ind1": "7",
        "ind2": "\\",
        "subfields": [
          {
            "a": "955289807"
          },
          {
            "2": "DE-101"
          }
        ]
      }
    },
    {
      "019": {
        "ind1": "\\",
        "ind2": "\\",
        "subfields": [
          {
            "a": "48485930"
          },
          {
            "a": "1225789135"
          }
        ]
      }
    },
    {
      "020": {
        "ind1": "\\",
        "ind2": "\\",
        "subfields": [
          {
            "a": "3892044406"
          }
        ]
      }
    },
    {
      "020": {
        "ind1": "\\",
        "ind2": "\\",
        "subfields": [
          {
            "a": "9783892044406"
          }
        ]
      }
    },
    {
      "035": {
        "ind1": "\\",
        "ind2": "\\",
        "subfields": [
          {
            "a": "(OCoLC)42041423"
          },
          {
            "z": "(OCoLC)48485930"
          },
          {
            "z": "(OCoLC)1225789135"
          }
        ]
      }
    },
    {
      "042": {
        "ind1": "\\",
        "ind2": "\\",
        "subfields": [
          {
            "a": "lccopycat"
          }
        ]
      }
    },
    {
      "050": {
        "ind1": "0",
        "ind2": "0",
        "subfields": [
          {
            "a": "HV16"
          },
          {
            "b": ".F87 1999"
          }
        ]
      }
    },
    {
      "050": {
        "ind1": "1",
        "ind2": "4",
        "subfields": [
          {
            "a": "AS911.A2"
          },
          {
            "b": "F87 1999"
          }
        ]
      }
    },
    {
      "072": {
        "ind1": "\\",
        "ind2": "7",
        "subfields": [
          {
            "a": "HN"
          },
          {
            "2": "lcco"
          }
        ]
      }
    },
    {
      "082": {
        "ind1": "0",
        "ind2": "4",
        "subfields": [
          {
            "a": "361.7632"
          },
          {
            "b": "FUT"
          }
        ]
      }
    },
    {
      "245": {
        "ind1": "0",
        "ind2": "4",
        "subfields": [
          {
            "a": "The future of foundations in an open society /"
          },
          {
            "c": "Bertelsmann Foundation (ed.) ; with contributions from Dieter Feddersen [and others]."
          }
        ]
      }
    },
    {
      "260": {
        "ind1": "\\",
        "ind2": "\\",
        "subfields": [
          {
            "a": "Gu\u0308tersloh :"
          },
          {
            "b": "Bertelsmann Foundation Publishers,"
          },
          {
            "c": "1999."
          }
        ]
      }
    },
    {
      "300": {
        "ind1": "\\",
        "ind2": "\\",
        "subfields": [
          {
            "a": "159 pages ;"
          },
          {
            "c": "21 cm"
          }
        ]
      }
    },
    {
      "336": {
        "ind1": "\\",
        "ind2": "\\",
        "subfields": [
          {
            "a": "text"
          },
          {
            "b": "txt"
          },
          {
            "2": "rdacontent"
          }
        ]
      }
    },
    {
      "337": {
        "ind1": "\\",
        "ind2": "\\",
        "subfields": [
          {
            "a": "unmediated"
          },
          {
            "b": "n"
          },
          {
            "2": "rdamedia"
          }
        ]
      }
    },
    {
      "338": {
        "ind1": "\\",
        "ind2": "\\",
        "subfields": [
          {
            "a": "volume"
          },
          {
            "b": "nc"
          },
          {
            "2": "rdacarrier"
          }
        ]
      }
    },
    {
      "504": {
        "ind1": "\\",
        "ind2": "\\",
        "subfields": [
          {
            "a": "Includes bibliographical references."
          }
        ]
      }
    },
    {
      "505": {
        "ind1": "0",
        "ind2": "\\",
        "subfields": [
          {
            "a": "Foreword -- Welcome address -- The contribution of foundations to the formation and development of an open society: [1]. The importance of foundations in an open society. [2]. Foundations and the developing world -- The social responsibility and legitimacy of foundations: [1]. The legitimization of foundation work. [2]. Codes of conduct for foundations -- The legal framework of foundation activities: [1]. The limits of the not-for-profit status -- Reports from the workshops: Workshop 1. the development of organizational structures and new governance techniques in foundations: a challenge for the future? Workshop 2. Strategies, methods and instruments of program work: operative foundations and innovative forms of program management. Workshop 3. Foundations and the public: facing the challenges of the information age. Workshop 4. The legal dimension of the work of private foundations -- Annex: The authors. The participants of the symposium. Theses of the Bertelsmann Foundation."
          }
        ]
      }
    },
    {
      "520": {
        "ind1": "\\",
        "ind2": "\\",
        "subfields": [
          {
            "a": "The forces of globalization affect the world of politics and business in powerful ways. Electronic media, instant communication, and the free flow of goods and services exert pressure on societies to adapt to new ways of life. But they also allow for the rapid dissemination of new ideas and perspectives, and have made possible the spreading of democratic values and open societies. This new environment presents both challenges and opportunities for foundations. They are called upon to adopt new roles that were once the domain of state and governmental institutions. At the same time, they are asked to perform them in better and more efficient ways. In addition, international integration mandates that their perspectives and strategies transcend national borders. This book contains the proceedings of an international symposium hosted by the Bertelsmann Foundation. It documents the growing consensus that?in the open society?it is not enough for foundations to do good; they have to do it well."
          }
        ]
      }
    },
    {
      "650": {
        "ind1": "\\",
        "ind2": "0",
        "subfields": [
          {
            "a": "Endowments"
          },
          {
            "v": "Congresses."
          }
        ]
      }
    },
    {
      "650": {
        "ind1": "\\",
        "ind2": "0",
        "subfields": [
          {
            "a": "Charitable uses, trusts, and foundations"
          },
          {
            "v": "Congresses."
          }
        ]
      }
    },
    {
      "650": {
        "ind1": "\\",
        "ind2": "7",
        "subfields": [
          {
            "a": "Charitable uses, trusts, and foundations."
          },
          {
            "2": "fast"
          },
          {
            "0": "(OCoLC)fst00852380"
          }
        ]
      }
    },
    {
      "650": {
        "ind1": "\\",
        "ind2": "7",
        "subfields": [
          {
            "a": "Endowments."
          },
          {
            "2": "fast"
          },
          {
            "0": "(OCoLC)fst00909854"
          }
        ]
      }
    },
    {
      "655": {
        "ind1": "\\",
        "ind2": "2",
        "subfields": [
          {
            "a": "Congress"
          }
        ]
      }
    },
    {
      "655": {
        "ind1": "\\",
        "ind2": "7",
        "subfields": [
          {
            "a": "Conference papers and proceedings."
          },
          {
            "2": "fast"
          },
          {
            "0": "(OCoLC)fst01423772"
          }
        ]
      }
    },
    {
      "655": {
        "ind1": "\\",
        "ind2": "7",
        "subfields": [
          {
            "a": "Conference papers and proceedings."
          },
          {
            "2": "lcgft"
          }
        ]
      }
    },
    {
      "700": {
        "ind1": "1",
        "ind2": "\\",
        "subfields": [
          {
            "a": "Feddersen, Dieter."
          }
        ]
      }
    },
    {
      "710": {
        "ind1": "2",
        "ind2": "\\",
        "subfields": [
          {
            "a": "Bertelsmann Stiftung (Gu\u0308tersloh, Germany)"
          }
        ]
      }
    },
    {
      "994": {
        "ind1": "\\",
        "ind2": "\\",
        "subfields": [
          {
            "a": "Z0"
          },
          {
            "b": "NYRVC"
          }
        ]
      }
    },
    {
      "948": {
        "ind1": "\\",
        "ind2": "\\",
        "subfields": [
          {
            "h": "NO HOLDINGS IN NYRVC - 91 OTHER HOLDINGS"
          }
        ]
      }
    },
    {
      "999": {
        "ind1": "\\",
        "ind2": "\\",
        "subfields": [
          {
            "a": "00000000013840"
          },
          {
            "b": "Copy 1"
          }
        ]
      }
    },
    {
      "999": {
        "ind1": "\\",
        "ind2": "\\",
        "subfields": [
          {
            "a": "00000000013844"
          },
          {
            "b": "Copy 2"
          }
        ]
      }
    }
  ]
}